@Manual{AICcmodavg-package,
title = {{AICcmodavg}: Model selection and multimodel inference based on (Q)AIC(c)},
  author = {Marc J. Mazerolle},
  year = {2023},
  note = {R package version 2.3.2},
  url = {https://cran.r-project.org/package=AICcmodavg},
  bibtex = {TRUE},
}
@Manual{base,
title = {{R}: A Language and Environment for Statistical Computing},
  author = {{R Core Team}},
  organization = {R Foundation for Statistical Computing},
  address = {Vienna, Austria},
  year = {2022},
  url = {https://www.R-project.org/},
}
@Article{dagitty,
  title = {Robust causal inference using directed acyclic graphs: the R package `{dagitty}'},
  journal = {International Journal of Epidemiology},
  author = {Johannes Textor and Benito {van der Zander} and Mark S Gilthorpe and Maciej Liśkiewicz and George TH Ellison},
  volume = {45},
  number = {6},
  pages = {1887--1894},
  year = {2016},
  doi = {10.1093/ije/dyw341},
}
@Manual{datatable,
title = {{data.table}: Extension of `{data.frame}'},
  author = {Matt Dowle and Arun Srinivasan},
  year = {2021},
  note = {R package version 1.14.2},
  url = {https://CRAN.R-project.org/package=data.table},
}
@Manual{flextable,
title = {{flextable}: Functions for Tabular Reporting},
  author = {David Gohel and Panagiotis Skintzos},
  year = {2023},
  note = {R package version 0.9.1},
  url = {https://CRAN.R-project.org/package=flextable},
}
@Article{gtsummary,
  author = {Daniel D. Sjoberg and Karissa Whiting and Michael Curry and Jessica A. Lavery and Joseph Larmarange},
  title = {Reproducible Summary Tables with the gtsummary Package},
  journal = {{The R Journal}},
  year = {2021},
  url = {https://doi.org/10.32614/RJ-2021-053},
  doi = {10.32614/RJ-2021-053},
  volume = {13},
  issue = {1},
  pages = {570-580},
}
@Manual{knitr2023,
title = {{knitr}: A General-Purpose Package for Dynamic Report Generation in R},
  author = {Yihui Xie},
  year = {2023},
  note = {R package version 1.42},
  url = {https://yihui.org/knitr/},
}

@Book{knitr2015,
  title = {Dynamic Documents with {R} and knitr},
  author = {Yihui Xie},
  publisher = {Chapman and Hall/CRC},
  address = {Boca Raton, Florida},
  year = {2015},
  edition = {2nd},
  note = {ISBN 978-1498716963},
  url = {https://yihui.org/knitr/},
}

@InCollection{knitr2014,
  booktitle = {Implementing Reproducible Computational Research},
  editor = {Victoria Stodden and Friedrich Leisch and Roger D. Peng},
title = {{knitr}: A Comprehensive Tool for Reproducible Research in {R}},
  author = {Yihui Xie},
  publisher = {Chapman and Hall/CRC},
  year = {2014},
  note = {ISBN 978-1466561595},
}
@Manual{labelled,
title = {{labelled}: Manipulating Labelled Data},
  author = {Joseph Larmarange},
  year = {2023},
  note = {R package version 2.11.0},
  url = {https://CRAN.R-project.org/package=labelled},
}
@Manual{officer,
title = {{officer}: Manipulation of Microsoft Word and PowerPoint Documents},
  author = {David Gohel},
  year = {2023},
  note = {R package version 0.6.2},
  url = {https://CRAN.R-project.org/package=officer},
}
@Manual{rmarkdown2023,
title = {{rmarkdown}: Dynamic Documents for R},
  author = {JJ Allaire and Yihui Xie and Christophe Dervieux and Jonathan McPherson and Javier Luraschi and Kevin Ushey and Aron Atkins and Hadley Wickham and Joe Cheng and Winston Chang and Richard Iannone},
  year = {2023},
  note = {R package version 2.21},
  url = {https://github.com/rstudio/rmarkdown},
}

@Book{rmarkdown2018,
  title = {R Markdown: The Definitive Guide},
  author = {Yihui Xie and J.J. Allaire and Garrett Grolemund},
  publisher = {Chapman and Hall/CRC},
  address = {Boca Raton, Florida},
  year = {2018},
  isbn = {9781138359338},
  url = {https://bookdown.org/yihui/rmarkdown},
}

@Book{rmarkdown2020,
  title = {R Markdown Cookbook},
  author = {Yihui Xie and Christophe Dervieux and Emily Riederer},
  publisher = {Chapman and Hall/CRC},
  address = {Boca Raton, Florida},
  year = {2020},
  isbn = {9780367563837},
  url = {https://bookdown.org/yihui/rmarkdown-cookbook},
}
@Manual{sensemakr,
title = {{sensemakr}: Sensitivity Analysis Tools for Regression Models},
  author = {Carlos Cinelli and Jeremy Ferwerda and Chad Hazlett},
  year = {2021},
  note = {R package version 0.1.4},
  url = {https://CRAN.R-project.org/package=sensemakr},
}
@Manual{srvyr,
title = {{srvyr}: `{dplyr}'-Like Syntax for Summary Statistics of Survey Data},
  author = {Greg {Freedman Ellis} and Ben Schneider},
  year = {2023},
  note = {R package version 1.2.0},
  url = {https://CRAN.R-project.org/package=srvyr},
}
@Manual{stargazer,
title = {{stargazer}: Well-Formatted Regression and Summary Statistics Tables},
  author = {Marek Hlavac},
  year = {2022},
  note = {R package version 5.2.3},
  organization = {Social Policy Institute},
  address = {Bratislava, Slovakia},
  url = {https://CRAN.R-project.org/package=stargazer},
}
@Misc{survey2020,
  author = {Thomas Lumley},
  year = {2020},
title = {{survey}: analysis of complex survey samples},
  note = {R package version 4.0},
}

@Article{survey2004,
  year = {2004},
  author = {Thomas Lumley},
  title = {Analysis of Complex Survey Samples},
  journal = {Journal of Statistical Software},
  volume = {9},
  number = {1},
  pages = {1-19},
  note = {R package verson 2.2},
}

@Book{survey2010,
  year = {2010},
  author = {Thomas Lumley},
  title = {Complex Surveys: A Guide to Analysis Using R: A Guide to Analysis Using R},
  publisher = {John Wiley and Sons},
}
@Article{tidyverse,
  title = {Welcome to the {tidyverse}},
  author = {Hadley Wickham and Mara Averick and Jennifer Bryan and Winston Chang and Lucy D'Agostino McGowan and Romain François and Garrett Grolemund and Alex Hayes and Lionel Henry and Jim Hester and Max Kuhn and Thomas Lin Pedersen and Evan Miller and Stephan Milton Bache and Kirill Müller and Jeroen Ooms and David Robinson and Dana Paige Seidel and Vitalie Spinu and Kohske Takahashi and Davis Vaughan and Claus Wilke and Kara Woo and Hiroaki Yutani},
  year = {2019},
  journal = {Journal of Open Source Software},
  volume = {4},
  number = {43},
  pages = {1686},
  doi = {10.21105/joss.01686},
}
